{"btc_usd":[{"type":"ask","price":59604.26561939,"amount":0.000932,"tid":205472743,"timestamp":1720838212},{"type":"bid","price":61199.99835835,"amount":0.00415835,"tid":205472742,"timestamp":1720837019},{"type":"bid","price":61199.9973069,"amount":0.00019343,"tid":205472741,"timestamp":1720816481},{"type":"ask","price":59604.26125928,"amount":0.00006458,"tid":205472740,"timestamp":1720814098},{"type":"ask","price":60000.00105458,"amount":0.00003333,"tid":205472739,"timestamp":1720811815},{"type":"ask","price":60000.00105434,"amount":0.00003333,"tid":205472738,"timestamp":1720811126},{"type":"bid","price":61200,"amount":0.00044189,"tid":205472737,"timestamp":1720810963},{"type":"ask","price":60000.00105393,"amount":0.00003333,"tid":205472736,"timestamp":1720809954},{"type":"bid","price":61200,"amount":0.00086818,"tid":205472735,"timestamp":1720803252},{"type":"bid","price":61899.97550968,"amount":0.00016457,"tid":205472734,"timestamp":1720780752},{"type":"ask","price":59444.00001001,"amount":0.00064503,"tid":205472733,"timestamp":1720775832},{"type":"ask","price":59444.00040045,"amount":0.00084112,"tid":205472732,"timestamp":1720775125},{"type":"ask","price":59444.00001,"amount":0.00002781,"tid":205472731,"timestamp":1720759656},{"type":"bid","price":61698.96394673,"amount":0.00032351,"tid":205472730,"timestamp":1720752178},{"type":"bid","price":61698.96407728,"amount":0.00212029,"tid":205472729,"timestamp":1720750996},{"type":"bid","price":61698.97442583,"amount":0.00001398,"tid":205472728,"timestamp":1720743638},{"type":"ask","price":59444.00000001,"amount":0.00032458,"tid":205472727,"timestamp":1720738237},{"type":"ask","price":59444.00000186,"amount":0.00096662,"tid":205472726,"timestamp":1720734576},{"type":"ask","price":59444.00000186,"amount":0.00096662,"tid":205472725,"timestamp":1720734565},{"type":"ask","price":59444.00000186,"amount":0.00014428,"tid":205472724,"timestamp":1720734563},{"type":"ask","price":59444.00000186,"amount":0.00096662,"tid":205472723,"timestamp":1720734556},{"type":"ask","price":59444.00000052,"amount":0.00086418,"tid":205472722,"timestamp":1720730898},{"type":"bid","price":61698.99031017,"amount":0.00026562,"tid":205472721,"timestamp":1720730544},{"type":"ask","price":59444.00000029,"amount":0.00022667,"tid":205472720,"timestamp":1720723938},{"type":"ask","price":59443.72464136,"amount":0.0005,"tid":205472719,"timestamp":1720723150},{"type":"bid","price":61699.99859857,"amount":0.0000113,"tid":205472718,"timestamp":1720720986},{"type":"bid","price":61699.99859857,"amount":0.00001111,"tid":205472717,"timestamp":1720720982},{"type":"bid","price":61699.99859857,"amount":0.00001855,"tid":205472716,"timestamp":1720720979},{"type":"bid","price":61699.99859857,"amount":0.00001059,"tid":205472715,"timestamp":1720720958},{"type":"bid","price":61699.99859857,"amount":0.00001923,"tid":205472714,"timestamp":1720720951},{"type":"bid","price":61699.99859857,"amount":0.0000221,"tid":205472713,"timestamp":1720720950},{"type":"bid","price":61699.99859857,"amount":0.00001309,"tid":205472712,"timestamp":1720720946},{"type":"bid","price":61699.99859859,"amount":0.0000108,"tid":205472711,"timestamp":1720720939},{"type":"bid","price":61699.99859859,"amount":0.00001891,"tid":205472710,"timestamp":1720720919},{"type":"bid","price":61899.98036197,"amount":0.00024024,"tid":205472709,"timestamp":1720718469},{"type":"ask","price":59443.72461865,"amount":0.00257843,"tid":205472708,"timestamp":1720715811},{"type":"ask","price":59443.72463865,"amount":0.00195974,"tid":205472707,"timestamp":1720715810},{"type":"ask","price":59863.00753377,"amount":0.00001,"tid":205472706,"timestamp":1720715716},{"type":"bid","price":61899.98874621,"amount":0.00162144,"tid":205472705,"timestamp":1720713337},{"type":"ask","price":59863.00753406,"amount":0.0001144,"tid":205472704,"timestamp":1720711417},{"type":"ask","price":59863.00753404,"amount":0.00001182,"tid":205472703,"timestamp":1720711386},{"type":"ask","price":59863.00753404,"amount":0.00001182,"tid":205472702,"timestamp":1720711385},{"type":"ask","price":60010.55119293,"amount":0.00169945,"tid":205472701,"timestamp":1720709834},{"type":"bid","price":61899.9977393,"amount":0.00010026,"tid":205472700,"timestamp":1720708310},{"type":"ask","price":60800,"amount":0.00008081,"tid":205472699,"timestamp":1720707437},{"type":"ask","price":60900,"amount":0.0000821,"tid":205472698,"timestamp":1720707437},{"type":"ask","price":61100,"amount":0.00001309,"tid":205472697,"timestamp":1720707437},{"type":"ask","price":61100,"amount":0.00015057,"tid":205472696,"timestamp":1720702087},{"type":"ask","price":61200,"amount":0.00016366,"tid":205472695,"timestamp":1720702087},{"type":"ask","price":61300,"amount":0.00000002,"tid":205472694,"timestamp":1720702086},{"type":"ask","price":61300,"amount":0.00016364,"tid":205472693,"timestamp":1720702083},{"type":"ask","price":61400,"amount":0.00016366,"tid":205472692,"timestamp":1720702083},{"type":"ask","price":61500,"amount":0.00010585,"tid":205472691,"timestamp":1720701769},{"type":"ask","price":61500,"amount":0.0001307,"tid":205472690,"timestamp":1720701758},{"type":"ask","price":61500,"amount":0.0000813,"tid":205472689,"timestamp":1720701758},{"type":"bid","price":61777,"amount":0.00005,"tid":205472688,"timestamp":1720701699},{"type":"bid","price":61656.6,"amount":0.00001642,"tid":205472687,"timestamp":1720700953},{"type":"bid","price":61253.70987621,"amount":0.00005516,"tid":205472686,"timestamp":1720700918},{"type":"bid","price":61000,"amount":0.01084739,"tid":205472685,"timestamp":1720700853},{"type":"bid","price":60778.47043738,"amount":0.00003858,"tid":205472684,"timestamp":1720700853},{"type":"ask","price":59300.00001015,"amount":0.0001,"tid":205472683,"timestamp":1720692216},{"type":"bid","price":60778.47043738,"amount":0.00001642,"tid":205472682,"timestamp":1720689280},{"type":"bid","price":59800.00000071,"amount":0.00001722,"tid":205472681,"timestamp":1720684992},{"type":"bid","price":59800.00000071,"amount":0.00001722,"tid":205472680,"timestamp":1720684982},{"type":"bid","price":59800.00000071,"amount":0.00001722,"tid":205472679,"timestamp":1720684971},{"type":"bid","price":59800.00000071,"amount":0.00001187,"tid":205472678,"timestamp":1720684967},{"type":"bid","price":59800.00000071,"amount":0.00001722,"tid":205472677,"timestamp":1720684958},{"type":"bid","price":59800.00000071,"amount":0.00001722,"tid":205472676,"timestamp":1720684947},{"type":"bid","price":59800.00000071,"amount":0.00002106,"tid":205472675,"timestamp":1720684932},{"type":"bid","price":59800.00000071,"amount":0.00001722,"tid":205472674,"timestamp":1720684927},{"type":"bid","price":59800.00000071,"amount":0.00001722,"tid":205472673,"timestamp":1720684913},{"type":"bid","price":59800.00000071,"amount":0.00003207,"tid":205472672,"timestamp":1720684913},{"type":"bid","price":59800.00000071,"amount":0.00003845,"tid":205472671,"timestamp":1720684909},{"type":"bid","price":59800.00000071,"amount":0.00004608,"tid":205472670,"timestamp":1720684901},{"type":"bid","price":59800.00000071,"amount":0.00005523,"tid":205472669,"timestamp":1720684898},{"type":"bid","price":59800.00000071,"amount":0.00006963,"tid":205472668,"timestamp":1720684893},{"type":"bid","price":59800.00000071,"amount":0.00001722,"tid":205472667,"timestamp":1720684893},{"type":"bid","price":59800.00000071,"amount":0.00001722,"tid":205472666,"timestamp":1720684879},{"type":"bid","price":59800.00000071,"amount":0.00004055,"tid":205472665,"timestamp":1720684878},{"type":"bid","price":59800.00000071,"amount":0.00009834,"tid":205472664,"timestamp":1720684872},{"type":"bid","price":59800.00000071,"amount":0.00001724,"tid":205472663,"timestamp":1720684871},{"type":"bid","price":59800.00000071,"amount":0.00001724,"tid":205472662,"timestamp":1720684862},{"type":"bid","price":59800.00000071,"amount":0.00012128,"tid":205472661,"timestamp":1720684859},{"type":"bid","price":59800.00000071,"amount":0.00014884,"tid":205472660,"timestamp":1720684853},{"type":"bid","price":59800.00000071,"amount":0.00001739,"tid":205472659,"timestamp":1720684853},{"type":"bid","price":59800.00000071,"amount":0.00017839,"tid":205472658,"timestamp":1720684849},{"type":"bid","price":59800.00000071,"amount":0.00001722,"tid":205472657,"timestamp":1720684844},{"type":"bid","price":59800.00000071,"amount":0.00005209,"tid":205472656,"timestamp":1720684839},{"type":"bid","price":59800.00000071,"amount":0.00006246,"tid":205472655,"timestamp":1720684835},{"type":"bid","price":59800.00000071,"amount":0.0000173,"tid":205472654,"timestamp":1720684833},{"type":"bid","price":59800.00000071,"amount":0.0000749,"tid":205472653,"timestamp":1720684828},{"type":"bid","price":59800.00000071,"amount":0.00001737,"tid":205472652,"timestamp":1720684822},{"type":"bid","price":59800.00000071,"amount":0.00008982,"tid":205472651,"timestamp":1720684794},{"type":"bid","price":59800.00000071,"amount":0.0001077,"tid":205472650,"timestamp":1720684788},{"type":"bid","price":59800.00000071,"amount":0.00031392,"tid":205472649,"timestamp":1720684785},{"type":"ask","price":59280.00000091,"amount":0.00012437,"tid":205472648,"timestamp":1720669291},{"type":"bid","price":61656.64655285,"amount":0.0001459,"tid":205472647,"timestamp":1720665395},{"type":"bid","price":61500,"amount":0.00034904,"tid":205472646,"timestamp":1720665395},{"type":"bid","price":61500,"amount":0.0000003,"tid":205472645,"timestamp":1720665395},{"type":"bid","price":61171.8158775,"amount":0.0000551,"tid":205472644,"timestamp":1720665395},{"type":"bid","price":61158.85163242,"amount":0.00212137,"tid":205472643,"timestamp":1720658769},{"type":"ask","price":59280.00000505,"amount":0.00008084,"tid":205472642,"timestamp":1720658256},{"type":"bid","price":61499.99985998,"amount":0.00017002,"tid":205472641,"timestamp":1720645312},{"type":"bid","price":60865.28211809,"amount":0.00006643,"tid":205472640,"timestamp":1720645312},{"type":"bid","price":60568.67360757,"amount":0.00005525,"tid":205472639,"timestamp":1720645312},{"type":"bid","price":60000,"amount":0.00004283,"tid":205472638,"timestamp":1720645312},{"type":"bid","price":60000,"amount":0.00000405,"tid":205472637,"timestamp":1720645312},{"type":"bid","price":59700,"amount":0.00001204,"tid":205472636,"timestamp":1720636524},{"type":"bid","price":59700,"amount":0.00001265,"tid":205472635,"timestamp":1720636524},{"type":"bid","price":59700,"amount":0.0000138,"tid":205472634,"timestamp":1720636523},{"type":"bid","price":59700,"amount":0.00002201,"tid":205472633,"timestamp":1720636523},{"type":"bid","price":59700,"amount":0.00002918,"tid":205472632,"timestamp":1720636523},{"type":"bid","price":59700,"amount":0.00003584,"tid":205472631,"timestamp":1720636523},{"type":"bid","price":59700,"amount":0.0000153,"tid":205472630,"timestamp":1720636523},{"type":"bid","price":59700,"amount":0.00001742,"tid":205472629,"timestamp":1720636523},{"type":"bid","price":59700,"amount":0.00003298,"tid":205472628,"timestamp":1720636523},{"type":"bid","price":59700,"amount":0.00002964,"tid":205472627,"timestamp":1720636523},{"type":"bid","price":59700,"amount":0.00001051,"tid":205472626,"timestamp":1720636523},{"type":"bid","price":59700,"amount":0.00004813,"tid":205472625,"timestamp":1720636523},{"type":"bid","price":59700,"amount":0.00001256,"tid":205472624,"timestamp":1720636523},{"type":"bid","price":59700,"amount":0.00001482,"tid":205472623,"timestamp":1720636067},{"type":"bid","price":59700,"amount":0.00001025,"tid":205472622,"timestamp":1720635231},{"type":"bid","price":59700,"amount":0.00002006,"tid":205472621,"timestamp":1720633588},{"type":"ask","price":59000.00000001,"amount":0.0003296,"tid":205472620,"timestamp":1720633585},{"type":"ask","price":59100.79999999,"amount":0.00001204,"tid":205472619,"timestamp":1720633584},{"type":"ask","price":59100.79999999,"amount":0.00001265,"tid":205472618,"timestamp":1720633584},{"type":"ask","price":59100.79999999,"amount":0.0000138,"tid":205472617,"timestamp":1720633584},{"type":"ask","price":59100.79999999,"amount":0.00002201,"tid":205472616,"timestamp":1720633584},{"type":"ask","price":59100.79999999,"amount":0.00002918,"tid":205472615,"timestamp":1720633584},{"type":"ask","price":59100.79999999,"amount":0.00003584,"tid":205472614,"timestamp":1720633584},{"type":"ask","price":59100.79999999,"amount":0.0000153,"tid":205472613,"timestamp":1720633584},{"type":"ask","price":59100.79999999,"amount":0.00001742,"tid":205472612,"timestamp":1720633584},{"type":"ask","price":59100.79999999,"amount":0.00003298,"tid":205472611,"timestamp":1720633584},{"type":"ask","price":59100.79999999,"amount":0.00002964,"tid":205472610,"timestamp":1720633584},{"type":"ask","price":59100.79999999,"amount":0.00001051,"tid":205472609,"timestamp":1720633584},{"type":"ask","price":59100.79999999,"amount":0.00004813,"tid":205472608,"timestamp":1720633584},{"type":"ask","price":59100.79999999,"amount":0.00005769,"tid":205472607,"timestamp":1720633584},{"type":"ask","price":59243.76425077,"amount":0.00006327,"tid":205472606,"timestamp":1720633584},{"type":"ask","price":59262.4161043,"amount":0.00006348,"tid":205472605,"timestamp":1720633584},{"type":"ask","price":59628.18288805,"amount":0.00006781,"tid":205472604,"timestamp":1720633584},{"type":"ask","price":59736.46098743,"amount":0.00013865,"tid":205472603,"timestamp":1720633584},{"type":"bid","price":60000,"amount":0.00001749,"tid":205472602,"timestamp":1720619093},{"type":"bid","price":60000,"amount":0.00001474,"tid":205472601,"timestamp":1720618546},{"type":"bid","price":60000,"amount":0.00001474,"tid":205472600,"timestamp":1720618538},{"type":"bid","price":60000,"amount":0.00001474,"tid":205472599,"timestamp":1720618512},{"type":"bid","price":60000,"amount":0.00001304,"tid":205472598,"timestamp":1720618499},{"type":"bid","price":60000,"amount":0.00001562,"tid":205472597,"timestamp":1720618494},{"type":"bid","price":60000,"amount":0.00001474,"tid":205472596,"timestamp":1720618485},{"type":"bid","price":60000,"amount":0.00001389,"tid":205472595,"timestamp":1720618485},{"type":"bid","price":60000,"amount":0.00001665,"tid":205472594,"timestamp":1720618482}]}