{"eth_usd":[{"type":"bid","price":3335.27573071,"amount":0.000125,"tid":202852515,"timestamp":1720956933},{"type":"bid","price":3333,"amount":0.00095,"tid":202852514,"timestamp":1720948042},{"type":"bid","price":3330,"amount":0.0001,"tid":202852513,"timestamp":1720947773},{"type":"bid","price":3314.85000001,"amount":0.00055259,"tid":202852512,"timestamp":1720947736},{"type":"ask","price":3300,"amount":0.00436412,"tid":202852511,"timestamp":1720932990},{"type":"ask","price":3300,"amount":0.00925607,"tid":202852510,"timestamp":1720932986},{"type":"bid","price":3300,"amount":0.00000608,"tid":202852509,"timestamp":1720932804},{"type":"bid","price":3299.99999999,"amount":0.00306726,"tid":202852508,"timestamp":1720932771},{"type":"bid","price":3300,"amount":0.00047829,"tid":202852507,"timestamp":1720910867},{"type":"bid","price":3300,"amount":0.00025689,"tid":202852506,"timestamp":1720910867},{"type":"bid","price":3300,"amount":0.00046424,"tid":202852505,"timestamp":1720910867},{"type":"bid","price":3300,"amount":0.00109384,"tid":202852504,"timestamp":1720910867},{"type":"bid","price":3300,"amount":0.00009021,"tid":202852503,"timestamp":1720910867},{"type":"bid","price":3296.49944799,"amount":0.00051438,"tid":202852502,"timestamp":1720910867},{"type":"bid","price":3283.32495283,"amount":0.000125,"tid":202852501,"timestamp":1720910867},{"type":"bid","price":3281.73165554,"amount":0.00000899,"tid":202852500,"timestamp":1720910867},{"type":"bid","price":3281.73165554,"amount":0.00435694,"tid":202852499,"timestamp":1720910487},{"type":"bid","price":3280.44019638,"amount":0.000125,"tid":202852498,"timestamp":1720910487},{"type":"ask","price":3252.94412391,"amount":0.00355956,"tid":202852497,"timestamp":1720900799},{"type":"ask","price":3257.42161452,"amount":0.00610798,"tid":202852496,"timestamp":1720900702},{"type":"bid","price":3281.73165554,"amount":0.0007225,"tid":202852495,"timestamp":1720886609},{"type":"bid","price":3265.35898273,"amount":0.000102,"tid":202852494,"timestamp":1720873653},{"type":"bid","price":3264.45361153,"amount":0.00010203,"tid":202852493,"timestamp":1720872022},{"type":"bid","price":3257.18014931,"amount":0.00010225,"tid":202852492,"timestamp":1720864989},{"type":"bid","price":3281.73165554,"amount":0.00723826,"tid":202852491,"timestamp":1720864707},{"type":"bid","price":3273.5273264,"amount":0.00010352,"tid":202852490,"timestamp":1720864707},{"type":"bid","price":3281.73165554,"amount":0.01038307,"tid":202852489,"timestamp":1720864595},{"type":"bid","price":3273.5273264,"amount":0.00010341,"tid":202852488,"timestamp":1720864595},{"type":"bid","price":3281.73165554,"amount":0.00931418,"tid":202852487,"timestamp":1720864560},{"type":"bid","price":3281.73165554,"amount":0.00931418,"tid":202852486,"timestamp":1720864559},{"type":"bid","price":3281.73165554,"amount":0.00931418,"tid":202852485,"timestamp":1720864553},{"type":"bid","price":3281.73165554,"amount":0.00917869,"tid":202852484,"timestamp":1720864543},{"type":"bid","price":3261.95511495,"amount":0.00010369,"tid":202852483,"timestamp":1720864543},{"type":"bid","price":3259.94687876,"amount":0.00010242,"tid":202852482,"timestamp":1720863902},{"type":"bid","price":3266.71373921,"amount":0.0001027,"tid":202852481,"timestamp":1720863317},{"type":"bid","price":3281.73165554,"amount":0.00876276,"tid":202852480,"timestamp":1720862299},{"type":"bid","price":3281.73,"amount":0.0007043,"tid":202852479,"timestamp":1720862299},{"type":"bid","price":3281.73,"amount":0.00073,"tid":202852478,"timestamp":1720862298},{"type":"bid","price":3273.525675,"amount":0.00010294,"tid":202852477,"timestamp":1720862298},{"type":"bid","price":3272.12580192,"amount":0.000125,"tid":202852476,"timestamp":1720862247},{"type":"bid","price":3263.94548742,"amount":0.00000291,"tid":202852475,"timestamp":1720862246},{"type":"bid","price":3263.94548742,"amount":0.00010024,"tid":202852474,"timestamp":1720862244},{"type":"bid","price":3263.94548742,"amount":0.00010248,"tid":202852473,"timestamp":1720862119},{"type":"ask","price":3268.58424342,"amount":0.00010248,"tid":202852472,"timestamp":1720862040},{"type":"bid","price":3268.28375977,"amount":0.000125,"tid":202852471,"timestamp":1720862034},{"type":"ask","price":3266.58424342,"amount":0.0001026,"tid":202852470,"timestamp":1720861980},{"type":"bid","price":3266.10693886,"amount":0.00034009,"tid":202852469,"timestamp":1720861963},{"type":"bid","price":3265.97852141,"amount":0.000125,"tid":202852468,"timestamp":1720861963},{"type":"bid","price":3265.21011951,"amount":0.000125,"tid":202852467,"timestamp":1720861909},{"type":"bid","price":3263.49866804,"amount":0.000125,"tid":202852466,"timestamp":1720861909},{"type":"bid","price":3255.33992137,"amount":0.00010272,"tid":202852465,"timestamp":1720861909},{"type":"bid","price":3253.82928281,"amount":0.0001019,"tid":202852464,"timestamp":1720861842},{"type":"bid","price":3266.10693886,"amount":0.00013716,"tid":202852463,"timestamp":1720860129},{"type":"bid","price":3257.88207184,"amount":0.00000119,"tid":202852462,"timestamp":1720860129},{"type":"bid","price":3257.88207184,"amount":0.00012381,"tid":202852461,"timestamp":1720856856},{"type":"bid","price":3258.39168899,"amount":0.00068002,"tid":202852460,"timestamp":1720797117},{"type":"bid","price":3258.33561434,"amount":0.00088211,"tid":202852459,"timestamp":1720797117},{"type":"bid","price":3255.13655243,"amount":0.00063111,"tid":202852458,"timestamp":1720797117},{"type":"bid","price":3251.98215234,"amount":0.00050611,"tid":202852457,"timestamp":1720797117},{"type":"bid","price":3251.88466776,"amount":0.00050611,"tid":202852456,"timestamp":1720797117},{"type":"bid","price":3243.85219696,"amount":0.00010154,"tid":202852455,"timestamp":1720797117},{"type":"bid","price":3218.2772245,"amount":0.00010231,"tid":202852454,"timestamp":1720786843},{"type":"ask","price":3200,"amount":0.00048437,"tid":202852453,"timestamp":1720763317},{"type":"ask","price":3200,"amount":0.00025689,"tid":202852452,"timestamp":1720763316},{"type":"ask","price":3200,"amount":0.00046424,"tid":202852451,"timestamp":1720763316},{"type":"ask","price":3200,"amount":0.00109384,"tid":202852450,"timestamp":1720763316},{"type":"ask","price":3214.65706131,"amount":0.000125,"tid":202852449,"timestamp":1720763316},{"type":"ask","price":3215.01580798,"amount":0.00047725,"tid":202852448,"timestamp":1720763316},{"type":"ask","price":3218.16613736,"amount":0.000125,"tid":202852447,"timestamp":1720763316},{"type":"ask","price":3218.67824942,"amount":0.00010141,"tid":202852446,"timestamp":1720763316},{"type":"ask","price":3229.48337912,"amount":0.000125,"tid":202852445,"timestamp":1720763316},{"type":"ask","price":3251.4758128,"amount":0.00010019,"tid":202852444,"timestamp":1720748321},{"type":"ask","price":3234.95395158,"amount":0.00100744,"tid":202852443,"timestamp":1720734589},{"type":"ask","price":3242.91211399,"amount":0.00051438,"tid":202852442,"timestamp":1720734589},{"type":"ask","price":3243.27547076,"amount":0.00088114,"tid":202852441,"timestamp":1720734589},{"type":"ask","price":3243.3812879,"amount":0.00075611,"tid":202852440,"timestamp":1720734589},{"type":"ask","price":3243.46818376,"amount":0.00075611,"tid":202852439,"timestamp":1720734588},{"type":"ask","price":3258.6952575,"amount":0.00010066,"tid":202852438,"timestamp":1720734588},{"type":"bid","price":3281.73165554,"amount":0.00010044,"tid":202852437,"timestamp":1720727796},{"type":"ask","price":3280.64694659,"amount":0.00010044,"tid":202852436,"timestamp":1720723925},{"type":"bid","price":3281.73165554,"amount":0.00010044,"tid":202852435,"timestamp":1720722854},{"type":"bid","price":3281.73165554,"amount":0.00010044,"tid":202852434,"timestamp":1720722429},{"type":"ask","price":3263.62750106,"amount":0.000153,"tid":202852433,"timestamp":1720721995},{"type":"bid","price":3281.73165554,"amount":0.00010044,"tid":202852432,"timestamp":1720721725},{"type":"ask","price":3278.80007505,"amount":0.00010044,"tid":202852431,"timestamp":1720721185},{"type":"bid","price":3281.73165554,"amount":0.00010044,"tid":202852430,"timestamp":1720720263},{"type":"bid","price":3281.73165554,"amount":0.00010044,"tid":202852429,"timestamp":1720719238},{"type":"bid","price":3281.73165554,"amount":0.00010044,"tid":202852428,"timestamp":1720718787},{"type":"bid","price":3281.73165554,"amount":0.00010044,"tid":202852427,"timestamp":1720718077},{"type":"bid","price":3281.73165554,"amount":0.00010044,"tid":202852426,"timestamp":1720717621},{"type":"bid","price":3281.73165554,"amount":0.00010044,"tid":202852425,"timestamp":1720717233},{"type":"bid","price":3281.73165554,"amount":0.00010044,"tid":202852424,"timestamp":1720716852},{"type":"bid","price":3281.73165554,"amount":0.00010044,"tid":202852423,"timestamp":1720716432},{"type":"ask","price":3257.04483776,"amount":0.00010047,"tid":202852422,"timestamp":1720715730},{"type":"bid","price":3281.73165554,"amount":0.00016911,"tid":202852421,"timestamp":1720712466},{"type":"bid","price":3281.73165554,"amount":0.0001047,"tid":202852420,"timestamp":1720710080},{"type":"bid","price":3281.73165554,"amount":0.00010044,"tid":202852419,"timestamp":1720709672},{"type":"bid","price":3281.73165554,"amount":0.00022919,"tid":202852418,"timestamp":1720708681},{"type":"ask","price":3281.73165554,"amount":0.00055259,"tid":202852417,"timestamp":1720707856},{"type":"bid","price":3300,"amount":0.00090979,"tid":202852416,"timestamp":1720701760},{"type":"bid","price":3300,"amount":0.00023221,"tid":202852415,"timestamp":1720701760},{"type":"bid","price":3300,"amount":0.00073337,"tid":202852414,"timestamp":1720701760},{"type":"bid","price":3300,"amount":0.00025011,"tid":202852413,"timestamp":1720701760},{"type":"bid","price":3300,"amount":0.00045198,"tid":202852412,"timestamp":1720701760},{"type":"bid","price":3300,"amount":0.00106495,"tid":202852411,"timestamp":1720701760},{"type":"bid","price":3299.2713705,"amount":0.000125,"tid":202852410,"timestamp":1720701760},{"type":"bid","price":3290.74199986,"amount":0.00014159,"tid":202852409,"timestamp":1720701760},{"type":"bid","price":3290.74199986,"amount":0.00041707,"tid":202852408,"timestamp":1720701060},{"type":"bid","price":3290.74199977,"amount":0.00034447,"tid":202852407,"timestamp":1720701060},{"type":"bid","price":3288.57301794,"amount":0.0005917,"tid":202852406,"timestamp":1720701060},{"type":"bid","price":3288.57301,"amount":0.00330238,"tid":202852405,"timestamp":1720701060},{"type":"bid","price":3275.64788414,"amount":0.000125,"tid":202852404,"timestamp":1720701060},{"type":"bid","price":3269.80051121,"amount":0.000125,"tid":202852403,"timestamp":1720701060},{"type":"bid","price":3266.12308212,"amount":0.00059377,"tid":202852402,"timestamp":1720701060},{"type":"bid","price":3265.25253276,"amount":0.000125,"tid":202852401,"timestamp":1720701060},{"type":"bid","price":3264.62499986,"amount":0.00047241,"tid":202852400,"timestamp":1720701060},{"type":"bid","price":3264.62499,"amount":0.0000752,"tid":202852399,"timestamp":1720701060},{"type":"bid","price":3264.62499,"amount":0.00196032,"tid":202852398,"timestamp":1720701013},{"type":"bid","price":3262.00401397,"amount":0.000125,"tid":202852397,"timestamp":1720701013},{"type":"bid","price":3260.05488966,"amount":0.000125,"tid":202852396,"timestamp":1720701013},{"type":"bid","price":3250,"amount":0.00108168,"tid":202852395,"timestamp":1720701013},{"type":"bid","price":3250,"amount":0.00024373,"tid":202852394,"timestamp":1720701010},{"type":"bid","price":3248.77853536,"amount":0.00002132,"tid":202852393,"timestamp":1720701010},{"type":"bid","price":3248.77853536,"amount":0.00010368,"tid":202852392,"timestamp":1720693101},{"type":"bid","price":3250,"amount":0.00010207,"tid":202852391,"timestamp":1720692540},{"type":"bid","price":3243.70656588,"amount":0.00002456,"tid":202852390,"timestamp":1720692525},{"type":"bid","price":3243.70656588,"amount":0.00010044,"tid":202852389,"timestamp":1720692455},{"type":"bid","price":3237.23629267,"amount":0.0000246,"tid":202852388,"timestamp":1720692329},{"type":"bid","price":3237.23629267,"amount":0.0001004,"tid":202852387,"timestamp":1720692276},{"type":"ask","price":3227.29469015,"amount":0.0611545,"tid":202852386,"timestamp":1720686947},{"type":"ask","price":3227.29469016,"amount":0.09011696,"tid":202852385,"timestamp":1720686947},{"type":"ask","price":3222.00976308,"amount":0.00010501,"tid":202852384,"timestamp":1720681264},{"type":"bid","price":3239.26994514,"amount":0.00010064,"tid":202852383,"timestamp":1720674320},{"type":"bid","price":3250,"amount":0.00010025,"tid":202852382,"timestamp":1720666453},{"type":"bid","price":3250,"amount":0.00010227,"tid":202852381,"timestamp":1720665925},{"type":"bid","price":3223.97803562,"amount":0.00010327,"tid":202852380,"timestamp":1720631686},{"type":"bid","price":3233.02197077,"amount":0.00011833,"tid":202852379,"timestamp":1720627972},{"type":"bid","price":3229.4823432,"amount":0.0000007,"tid":202852378,"timestamp":1720627972},{"type":"bid","price":3229.4823432,"amount":0.0001243,"tid":202852377,"timestamp":1720627931},{"type":"bid","price":3226.5380958,"amount":0.00002069,"tid":202852376,"timestamp":1720627931},{"type":"bid","price":3226.5380958,"amount":0.00010431,"tid":202852375,"timestamp":1720627889},{"type":"ask","price":3205.93762181,"amount":0.00064125,"tid":202852374,"timestamp":1720622992},{"type":"ask","price":3217.17095544,"amount":0.00084109,"tid":202852373,"timestamp":1720616311},{"type":"bid","price":3208.50493807,"amount":0.00001228,"tid":202852372,"timestamp":1720601671},{"type":"bid","price":3208.50493807,"amount":0.0001584,"tid":202852371,"timestamp":1720601596},{"type":"bid","price":3208.50493807,"amount":0.0001004,"tid":202852370,"timestamp":1720601517},{"type":"bid","price":3208.50493807,"amount":0.00010026,"tid":202852369,"timestamp":1720601469},{"type":"ask","price":3209.14676742,"amount":0.00063111,"tid":202852368,"timestamp":1720601463},{"type":"ask","price":3209.34042363,"amount":0.00088158,"tid":202852367,"timestamp":1720601463},{"type":"ask","price":3211.77289138,"amount":0.00050611,"tid":202852366,"timestamp":1720601463}]}