{"btc_usd":[{"type":"bid","price":57500,"amount":0.00267452,"tid":205471508,"timestamp":1720168358},{"type":"bid","price":57500,"amount":0.00007794,"tid":205471507,"timestamp":1720168043},{"type":"bid","price":57500,"amount":0.00001777,"tid":205471506,"timestamp":1720168025},{"type":"bid","price":57500,"amount":0.00001951,"tid":205471505,"timestamp":1720167965},{"type":"bid","price":57499.99999999,"amount":0.00009716,"tid":205471504,"timestamp":1720167830},{"type":"bid","price":57499.99999999,"amount":0.00003765,"tid":205471503,"timestamp":1720167824},{"type":"bid","price":57499.99999999,"amount":0.00003765,"tid":205471502,"timestamp":1720167823},{"type":"bid","price":57499.99999999,"amount":0.00031588,"tid":205471501,"timestamp":1720167822},{"type":"bid","price":57499.99999999,"amount":0.00014104,"tid":205471500,"timestamp":1720167821},{"type":"bid","price":57499.99999999,"amount":0.00021199,"tid":205471499,"timestamp":1720167819},{"type":"bid","price":57499.99999999,"amount":0.00016411,"tid":205471498,"timestamp":1720167796},{"type":"bid","price":57500,"amount":0.00001003,"tid":205471497,"timestamp":1720167147},{"type":"bid","price":57500,"amount":0.00001003,"tid":205471496,"timestamp":1720166968},{"type":"bid","price":57500,"amount":0.00004548,"tid":205471495,"timestamp":1720163841},{"type":"bid","price":57499.99999999,"amount":0.0000299,"tid":205471494,"timestamp":1720163417},{"type":"bid","price":57499.99999999,"amount":0.0000587,"tid":205471493,"timestamp":1720163376},{"type":"bid","price":57499.99999999,"amount":0.00011134,"tid":205471492,"timestamp":1720163334},{"type":"bid","price":57499.99999999,"amount":0.00011112,"tid":205471491,"timestamp":1720163327},{"type":"bid","price":57499.99999999,"amount":0.00011111,"tid":205471490,"timestamp":1720163319},{"type":"bid","price":57499.99999999,"amount":0.0001111,"tid":205471489,"timestamp":1720163312},{"type":"bid","price":57499.99999999,"amount":0.0001111,"tid":205471488,"timestamp":1720163305},{"type":"bid","price":57499.99999999,"amount":0.00011109,"tid":205471487,"timestamp":1720163298},{"type":"bid","price":57499.99999999,"amount":0.00066643,"tid":205471486,"timestamp":1720163298},{"type":"bid","price":57500,"amount":0.00011109,"tid":205471485,"timestamp":1720163292},{"type":"bid","price":57499.99999999,"amount":0.00066643,"tid":205471484,"timestamp":1720163286},{"type":"bid","price":57499.99999999,"amount":0.00011109,"tid":205471483,"timestamp":1720163284},{"type":"bid","price":57499.99999999,"amount":0.00011108,"tid":205471482,"timestamp":1720163276},{"type":"bid","price":57499.99999999,"amount":0.00066643,"tid":205471481,"timestamp":1720163274},{"type":"bid","price":57499.99999999,"amount":0.00011303,"tid":205471480,"timestamp":1720163274},{"type":"bid","price":57499.99999999,"amount":0.00011107,"tid":205471479,"timestamp":1720163271},{"type":"bid","price":57500,"amount":0.00001934,"tid":205471478,"timestamp":1720162945},{"type":"bid","price":57500,"amount":0.00008768,"tid":205471477,"timestamp":1720162892},{"type":"bid","price":57500,"amount":0.000015,"tid":205471476,"timestamp":1720162719},{"type":"bid","price":57327.49999999,"amount":0.00020497,"tid":205471475,"timestamp":1720162691},{"type":"ask","price":57500,"amount":0.00020736,"tid":205471474,"timestamp":1720162661},{"type":"ask","price":57200,"amount":0.00120544,"tid":205471473,"timestamp":1720161260},{"type":"ask","price":57200,"amount":0.00025498,"tid":205471472,"timestamp":1720161260},{"type":"ask","price":57200,"amount":0.00034186,"tid":205471471,"timestamp":1720161260},{"type":"bid","price":58240.48099887,"amount":0.00001929,"tid":205471470,"timestamp":1720161129},{"type":"bid","price":58240.48110863,"amount":0.00004966,"tid":205471469,"timestamp":1720160540},{"type":"ask","price":57200,"amount":0.00000484,"tid":205471468,"timestamp":1720160209},{"type":"ask","price":57297.80509066,"amount":0.00001002,"tid":205471467,"timestamp":1720160209},{"type":"ask","price":57500,"amount":0.00172927,"tid":205471466,"timestamp":1720157009},{"type":"ask","price":57500,"amount":0.0001037,"tid":205471465,"timestamp":1720157009},{"type":"ask","price":57500.00001,"amount":0.0001,"tid":205471464,"timestamp":1720157009},{"type":"ask","price":57500.00001009,"amount":0.00061739,"tid":205471463,"timestamp":1720157009},{"type":"ask","price":57550,"amount":0.00017028,"tid":205471462,"timestamp":1720157009},{"type":"ask","price":57550,"amount":0.00034752,"tid":205471461,"timestamp":1720157009},{"type":"ask","price":57608.69566205,"amount":0.00011185,"tid":205471460,"timestamp":1720157009},{"type":"bid","price":58415.7282735,"amount":0.00001827,"tid":205471459,"timestamp":1720155599},{"type":"ask","price":57608.69566206,"amount":0.00003884,"tid":205471458,"timestamp":1720155591},{"type":"bid","price":58240.48112857,"amount":0.00020419,"tid":205471457,"timestamp":1720154675},{"type":"ask","price":57740.5,"amount":0.0055,"tid":205471456,"timestamp":1720153553},{"type":"ask","price":57823.17288252,"amount":0.00029487,"tid":205471455,"timestamp":1720153545},{"type":"ask","price":57823.17288252,"amount":0.00018929,"tid":205471454,"timestamp":1720153545},{"type":"ask","price":57823.17288252,"amount":0.00028772,"tid":205471453,"timestamp":1720153545},{"type":"ask","price":57823.17288252,"amount":0.00251629,"tid":205471452,"timestamp":1720153545},{"type":"ask","price":57823.17288252,"amount":0.00426814,"tid":205471451,"timestamp":1720153545},{"type":"ask","price":57823.17288252,"amount":0.00228634,"tid":205471450,"timestamp":1720153545},{"type":"ask","price":57823.17288252,"amount":0.00080646,"tid":205471449,"timestamp":1720153545},{"type":"ask","price":57904.15569087,"amount":0.00020922,"tid":205471448,"timestamp":1720153545},{"type":"ask","price":57904.15569087,"amount":0.00185686,"tid":205471447,"timestamp":1720153545},{"type":"ask","price":57904.15569087,"amount":0.00682931,"tid":205471446,"timestamp":1720153545},{"type":"ask","price":57904.15569087,"amount":0.00254272,"tid":205471445,"timestamp":1720153545},{"type":"ask","price":58000,"amount":0.0442116,"tid":205471444,"timestamp":1720153399},{"type":"ask","price":58000,"amount":0.001,"tid":205471443,"timestamp":1720153399},{"type":"ask","price":58000,"amount":0.0001037,"tid":205471442,"timestamp":1720153399},{"type":"ask","price":58000,"amount":0.00103035,"tid":205471441,"timestamp":1720153399},{"type":"ask","price":58000.00001,"amount":0.0001,"tid":205471440,"timestamp":1720153399},{"type":"ask","price":58000.00001,"amount":0.0001,"tid":205471439,"timestamp":1720153399},{"type":"ask","price":58005,"amount":0.00049975,"tid":205471438,"timestamp":1720153399},{"type":"ask","price":58005,"amount":0.00000025,"tid":205471437,"timestamp":1720153389},{"type":"ask","price":58126,"amount":0.00014206,"tid":205471436,"timestamp":1720153389},{"type":"ask","price":58182.80632411,"amount":0.00011222,"tid":205471435,"timestamp":1720153389},{"type":"ask","price":58250,"amount":0.000011,"tid":205471434,"timestamp":1720153389},{"type":"ask","price":58250.65252551,"amount":0.00047856,"tid":205471433,"timestamp":1720153363},{"type":"ask","price":58266.23,"amount":0.0129995,"tid":205471432,"timestamp":1720153363},{"type":"ask","price":58266.23,"amount":0.0000295,"tid":205471431,"timestamp":1720153360},{"type":"ask","price":58266.23,"amount":0.00003967,"tid":205471430,"timestamp":1720153360},{"type":"ask","price":58266.23,"amount":0.0001916,"tid":205471429,"timestamp":1720153358},{"type":"ask","price":58266.23,"amount":0.00002808,"tid":205471428,"timestamp":1720153358},{"type":"ask","price":58266.23,"amount":0.0000249,"tid":205471427,"timestamp":1720153358},{"type":"ask","price":58266.23,"amount":0.00002613,"tid":205471426,"timestamp":1720153358},{"type":"ask","price":58266.23,"amount":0.00001531,"tid":205471425,"timestamp":1720153357},{"type":"ask","price":58266.23,"amount":0.00002823,"tid":205471424,"timestamp":1720153357},{"type":"ask","price":58266.23,"amount":0.00001459,"tid":205471423,"timestamp":1720153357},{"type":"ask","price":58266.23,"amount":0.00003929,"tid":205471422,"timestamp":1720153356},{"type":"ask","price":58266.23,"amount":0.00004842,"tid":205471421,"timestamp":1720153355},{"type":"ask","price":58266.23,"amount":0.0000179,"tid":205471420,"timestamp":1720153355},{"type":"ask","price":58266.23,"amount":0.00001775,"tid":205471419,"timestamp":1720153355},{"type":"ask","price":58266.23,"amount":0.00003419,"tid":205471418,"timestamp":1720153354},{"type":"ask","price":58266.23,"amount":0.00019156,"tid":205471417,"timestamp":1720153346},{"type":"ask","price":58266.23,"amount":0.00003794,"tid":205471416,"timestamp":1720153341},{"type":"ask","price":58266.23,"amount":0.00001006,"tid":205471415,"timestamp":1720153340},{"type":"ask","price":58266.23,"amount":0.00004929,"tid":205471414,"timestamp":1720153340},{"type":"ask","price":58266.23,"amount":0.00001973,"tid":205471413,"timestamp":1720153340},{"type":"ask","price":58266.23,"amount":0.00003202,"tid":205471412,"timestamp":1720153340},{"type":"ask","price":58266.23,"amount":0.0000454,"tid":205471411,"timestamp":1720153340},{"type":"ask","price":58266.23,"amount":0.00001679,"tid":205471410,"timestamp":1720153339},{"type":"ask","price":58266.23,"amount":0.00005992,"tid":205471409,"timestamp":1720153339},{"type":"ask","price":58266.23,"amount":0.00003942,"tid":205471408,"timestamp":1720153339},{"type":"ask","price":58266.23,"amount":0.00003016,"tid":205471407,"timestamp":1720153339},{"type":"ask","price":58266.23,"amount":0.00014294,"tid":205471406,"timestamp":1720153338},{"type":"ask","price":58266.23,"amount":0.00002173,"tid":205471405,"timestamp":1720153338},{"type":"ask","price":58266.23,"amount":0.00002262,"tid":205471404,"timestamp":1720153338},{"type":"ask","price":58266.23,"amount":0.00017158,"tid":205471403,"timestamp":1720153338},{"type":"ask","price":58266.23,"amount":0.00001487,"tid":205471402,"timestamp":1720153338},{"type":"ask","price":58266.23,"amount":0.00001483,"tid":205471401,"timestamp":1720153338},{"type":"ask","price":58266.23,"amount":0.00017345,"tid":205471400,"timestamp":1720153335},{"type":"ask","price":58266.23,"amount":0.00006205,"tid":205471399,"timestamp":1720153297},{"type":"ask","price":58266.23,"amount":0.00149746,"tid":205471398,"timestamp":1720153297},{"type":"ask","price":58266.23,"amount":0.00001474,"tid":205471397,"timestamp":1720153296},{"type":"ask","price":58266.23,"amount":0.00003436,"tid":205471396,"timestamp":1720153296},{"type":"ask","price":58266.23,"amount":0.00003909,"tid":205471395,"timestamp":1720153296},{"type":"ask","price":58266.23,"amount":0.0004509,"tid":205471394,"timestamp":1720153285},{"type":"ask","price":58266.23,"amount":0.0000297,"tid":205471393,"timestamp":1720153280},{"type":"ask","price":58266.23,"amount":0.00002633,"tid":205471392,"timestamp":1720153280},{"type":"ask","price":58266.23,"amount":0.00010125,"tid":205471391,"timestamp":1720153279},{"type":"ask","price":58266.23,"amount":0.00001479,"tid":205471390,"timestamp":1720153279},{"type":"ask","price":58266.23,"amount":0.00001204,"tid":205471389,"timestamp":1720153266},{"type":"ask","price":58266.23,"amount":0.00019199,"tid":205471388,"timestamp":1720153266},{"type":"ask","price":58266.23,"amount":0.00002826,"tid":205471387,"timestamp":1720153265},{"type":"ask","price":58266.23,"amount":0.00003018,"tid":205471386,"timestamp":1720153265},{"type":"ask","price":58266.23,"amount":0.00001103,"tid":205471385,"timestamp":1720153263},{"type":"ask","price":58266.23,"amount":0.000011,"tid":205471384,"timestamp":1720153263},{"type":"ask","price":58266.23,"amount":0.00113023,"tid":205471383,"timestamp":1720153261},{"type":"ask","price":58266.23,"amount":0.00007133,"tid":205471382,"timestamp":1720153253},{"type":"ask","price":58266.23,"amount":0.00002996,"tid":205471381,"timestamp":1720153252},{"type":"ask","price":58266.23,"amount":0.00003014,"tid":205471380,"timestamp":1720153252},{"type":"ask","price":58266.23,"amount":0.00009202,"tid":205471379,"timestamp":1720153252},{"type":"ask","price":58266.23,"amount":0.0049201,"tid":205471378,"timestamp":1720153252},{"type":"ask","price":58266.23,"amount":0.00017219,"tid":205471377,"timestamp":1720153252},{"type":"ask","price":58266.23,"amount":0.00001562,"tid":205471376,"timestamp":1720153252},{"type":"ask","price":58266.23,"amount":0.00004799,"tid":205471375,"timestamp":1720153251},{"type":"ask","price":58266.23,"amount":0.00001579,"tid":205471374,"timestamp":1720153251},{"type":"ask","price":58266.23,"amount":0.00001898,"tid":205471373,"timestamp":1720153251},{"type":"ask","price":58266.23,"amount":0.00003977,"tid":205471372,"timestamp":1720153251},{"type":"ask","price":58266.23,"amount":0.00024148,"tid":205471371,"timestamp":1720153250},{"type":"ask","price":58266.23,"amount":0.00001026,"tid":205471370,"timestamp":1720153247},{"type":"ask","price":58266.23,"amount":0.00019308,"tid":205471369,"timestamp":1720153245},{"type":"ask","price":58266.23,"amount":0.0003859,"tid":205471368,"timestamp":1720153243},{"type":"ask","price":58266.23,"amount":0.0000188,"tid":205471367,"timestamp":1720153243},{"type":"ask","price":58266.23,"amount":0.00001285,"tid":205471366,"timestamp":1720153242},{"type":"ask","price":58266.23,"amount":0.00005887,"tid":205471365,"timestamp":1720153239},{"type":"ask","price":58266.23,"amount":0.00002899,"tid":205471364,"timestamp":1720153237},{"type":"ask","price":58266.23,"amount":0.00019324,"tid":205471363,"timestamp":1720153202},{"type":"ask","price":58266.23,"amount":0.00019324,"tid":205471362,"timestamp":1720153199},{"type":"ask","price":58266.23,"amount":0.00299079,"tid":205471361,"timestamp":1720153199},{"type":"ask","price":58266.23,"amount":0.00302664,"tid":205471360,"timestamp":1720153195},{"type":"bid","price":58300.00000999,"amount":0.00002124,"tid":205471359,"timestamp":1720153192}]}